@book{taylor2005classical,
  title={Classical Mechanics},
  author={Taylor, John R},
  year={2005},
  publisher={University Science Books}
}

@book{goldstein2002classical,
  title={Classical Mechanics},
  author={Goldstein, Herbert and Poole, Charles and Safko, John},
  edition={3rd},
  year={2002},
  publisher={Addison Wesley}
}

@book{kleppner2014introduction,
  title={An Introduction to Mechanics},
  author={Kleppner, Daniel and Kolenkow, Robert},
  year={2014},
  publisher={Cambridge University Press}
}

@misc{python_docs,
  title={Python Documentation},
  author={{Python Software Foundation}},
  year={2024},
  url={https://docs.python.org/3/},
  note={Accessed: 2024-12-30}
}

@misc{numpy_docs,
  title={NumPy Documentation},
  author={{NumPy Developers}},
  year={2024},
  url={https://numpy.org/doc/},
  note={Accessed: 2024-12-30}
}

@misc{matplotlib_docs,
  title={Matplotlib Documentation},
  author={{Matplotlib Development Team}},
  year={2024},
  url={https://matplotlib.org/},
  note={Accessed: 2024-12-30}
}

@misc{sympy_docs,
  title={SymPy Documentation},
  author={{SymPy Development Team}},
  year={2024},
  url={https://www.sympy.org/},
  note={Accessed: 2024-12-30}
}

@book{morin2008introduction,
  title={Introduction to Classical Mechanics: With Problems and Solutions},
  author={Morin, David},
  year={2008},
  publisher={Cambridge University Press}
}

